@online{nu01,
	author = {UN},
	title = {\texttt{https://www.un.org/sustainabledevelopment/es/sustainable-development-goals/}},
	date = {25/09/2015},
	url = {https://es.wikipedia.org/wiki/Licencias_Creative_Commons}
}

@online{lcc01,
	author = {Wikipedia},
	title = {\texttt{https://es.wikipedia.org/wiki/Licencias\_Creative\_Commons}},
	date = {03/10/2021},
	url = {https://es.wikipedia.org/wiki/Licencias_Creative_Commons}
}

@online{cc01,
	author = {Creative Commons Org.},
	title = {Data {\texttt{https://wiki.creativecommons.org/wiki/data}}}},
	date = {23/10/2019},
	url = {\url{https://wiki.creativecommons.org/wiki/data}}
}

@online{labd01,
	author = {Wikipedia},
	title = {\texttt{https://es.wikipedia.org/wiki/Licencia_Abierta_de_Bases_de_Datos}},
	date = {22/02/2021},
	url = {\url{https://es.wikipedia.org/wiki/Licencia_Abierta_de_Bases_de_Datos}}
}

@online{ODbL01,
	author = {Open Data Commons},
	title = {\texttt{https://opendatacommons.org/licenses/odbl/1.0/}},
	date = {03/10/2021},
	url = {https://opendatacommons.org/licenses/odbl/1.0/}
}

@online{DbcL01,
	author = {Open Data Commons},
	title = {\texttt{https://opendatacommons.org/licenses/dbcl/1.0/}},
	date = {03/10/2021},
	url = {\url{https://opendatacommons.org/licenses/dbcl/1.0/}}
}

@online{ComLic01,
	author = {choosealicense},
	title = {\texttt{https://choosealicense.com/appendix/}},
	date = {03/04/2021},
	url = {\url{https://choosealicense.com/appendix/}}
}
